
@PREAMBLE{ "\newcommand{\noopsort}[1]{}" }
@STRING{aalborg	= "Department of Mathematics and Computer Science, Aalborg
		  University, Denmark" }
@STRING{adb	= "Computing Science Department, Uppsala University, Sweden" }
@STRING{chalmers= "Department of Computer Science, Chalmers University of
		  Technology, G{\"o}teborg, Sweden" }
@STRING{docs	= "Department of Computer Systems, Uppsala University,
		  Sweden" }
@STRING{imag	= "IMAG, Laboratoire de G{\'e}nie Informatique" }
@STRING{kth	= "Royal Institute of Technology, Stockholm, Sweden" }
@STRING{dcs-ed	= "Department of Computer Science, University of Edinburgh,
		  UK" }
@STRING{lfcs	= "Laboratory for Foundations of Computer Science, " 
		# dcs-ed }
@STRING{oxford	= "Oxford University, Oxford, UK" }
@STRING{sics	= "Swedish Institute of Computer Science, Kista, Sweden" }
@STRING{stanfordcs="Department of Computer Sciences, Stanford University,
		  USA" }
@STRING{sussex	= "School of Cognitive and Computing Sciences, University of
		  Sussex, UK" }
@STRING{warwick	= "Department of Computer Science, University of Warwick, UK" }
@STRING{ap	= "Academic Press" }
@STRING{aw	= "Addison-Wesley" }
@STRING{cup	= "Cambridge University Press" }
@STRING{csp	= "Computer Society Press" }
@STRING{nh	= "North-Holland" }
@STRING{ph	= "Prentice Hall" }
@STRING{sv	= "Springer-Verlag" }
@STRING{lncs	= "Lecture Notes in Computer Science" }
@STRING{icalp	= "Colloquium on Automata, Languages and Programming (ICALP)" }
@STRING{lics	= "Annual Symposium on Logic in Computer Science (LICS)" }
@STRING{mfocs	= "Mathematical Foundations of Computer Science" }
@STRING{podc	= "Annual Symposium on Principles of Distributed Computing
		  (PODC)" }
@STRING{popl	= "Annual Symposium on Principles of Programming Languages
		  (POPL)" }
@STRING{procomet= "Working Conference on Programming Concepts, Methods and
		  Calculi" }
@STRING{slfp	= "Symposium on {\sc lisp} and Functional Programming" }
@STRING{entcs	= "Electronic Notes in Theoretical Computer Science" }
@STRING{ai	= "Acta Informatica" }
@STRING{arti	= "Artificial Intelligence" }
@STRING{cacm	= "Communications of the ACM" }
@STRING{fac	= "Journal of Formal Aspects of Computing" }
@STRING{ic	= "Information and Control" }
@STRING{jic	= "Journal of Information and Computation" }
@STRING{ieee-se	= "IEEE Transactions on Software Engineering" }
@STRING{ipl	= "Information Processing Letters" }
@STRING{jacm	= "Journal of the ACM" }
@STRING{jcss	= "Journal of Computer and System Sciences" }
@STRING{jsc	= "Journal of Symbolic Computation" }
@STRING{pjm	= "Pacific Journal of Mathematics" }
@STRING{siamjc	= "SIAM Journal of Computing" }
@STRING{tcs	= "Theoretical Computer Science" }
@STRING{toplas	= "ACM Transactions on Programming Languages and Systems" }
@STRING{jvlc	= "Journal of Visual Language and Computation" }



@Article{	  milner:functions-processes,
  author	= "Robin Milner",
  title	= {{Functions as Processes}},
  journal	= {Journal of Mathematical Structures in Computer Science},
  year	= 1992,
  volume	= 2,
  number	= 2,
  pages		= "119-141"
}


@Book{	saraswat:cc-program,
  author	= "Vijay A. Saraswat",
  title	= {{Concurrent Constraint Programming}},
  publisher = "The MIT Press",
  address   = "Cambridge, MA",
  year	= "1993",
}

@InProceedings{pierce.turner:concurrent-objects,
  author	= "Benjamin C. Pierce and David Turner",
  title	= {{Concurrent Objects in a Process Calculus}},
  booktitle	= "Theory and Practice of Parallel Programming (TPPP),
		  Sendai, Japan",
  year	= "1994",
  month	= nov
}

@Misc{            milner:CCS,
  author        = "Robin Milner",
  title         = {{A Calculus of Communicating Systems}},
  howpublished  = "Lecture Notes in Computer Science, LNCS 92",
  year          = 1980,
}

@Misc{             rueda:visual-programming,
  author        = "Camilo Rueda",
  title         = {{A Visual Programming Enviroment for Constraint-Based Musical Composition}},   
  howpublished  = "XIV Congresso da 
@Article{	  Sociedade Brasileira de Computacao. Caxambu - Brasil",
  year          = 1994,
}


%--------------------------------------------------------
% Janu

@Misc{1,
  title="Research in Distributed Computing.\\ URL: http://www.aqualab.cs.northwestern.edu/nixes.html",
  author = "",
  year=2009,
}

@InProceedings{2,
  title="Comparison of Approaches to Service Deployment",
  author = {Vanish Talwar And Qinyi Wu And Calton Pu},
  year=2005,
}

@Misc{3,
  title="SmartFrog Project",
  author = "",
  url = {http://www.smartfrog.org},
  year=2013,
}

@InProceedings{4,
  title="Cloud Computing and Grid Computing 360-Degree Compared. ",
  author={Ian Foster And Yong Zhao And Ioan Raicu And Shiyong Lu},
  year=2008,
}

@Misc{5,
  title="Radia Deployment. \\ URL: http://www.smartfrog.org",
  author = "",
  year=2009,
}

@Misc{6,
  title="Cobbler. \\ URL: https://fedorahosted.org/cobbler/",
  author = "",
  year=2009,
}

@Misc{7,
  title="Virtual Infrastructure Management in Private and Hybrid Clouds",
  author={Borja Sotomayor And Ian Foster},
  year=2009,
}

@Misc{8,
  title="Grid Computing Info Centre: Frequently Asked Questions (FAQ). \\ URL: http://www.gridcomputing.com/gridfaq.html",
  author = "",
  year=2009,
}

@Misc{9,
  title="Amazon Machine Images. \\ URL: http://developer.amazonwebservices.com",
  author = "",
  year=2009,
}

@InProceedings{10,
  title="Reconfiguration Mechanisms for Virtual Organization Using Remote Deployment of Grid Services",
  author={Hyukho Kim And Yangwoo Kim And Pilwoo Lee},
  year=2008,
}

@InProceedings{11,
  title="Grid Infrastructure Deployment using SmartFrog Technology",
  author="Sabharwal, R",
  year=2006,
}

@Misc{12,
  title="Technologies for Large-Scale Configuration Management.\\ URL: http://www.gridweaver.org/WP1/report1.pdf",
  author="Anderson, P",
  year=2002,
}

@InProceedings{13,
  author="Cloud Computing Use Case Discussion Group",
  title="Cloud Computing Use Cases White Paper. \\ URL: http://www.scribd.com/doc/18172802/Cloud-Computing-Use-Cases-Whitepaper",
  year=2010,
}

@Misc{14,
  title="Oracle VM Templates. \\ URL: http://www.oracle.com/us/technologies/virtualization/oraclevm/index.html",
  author = "",
  year=2010,
}

@Misc{15,
  title="HP Utility Data Center Website. \\ URL: http://hp.com/large/infrastructure/utilitydata/overview",
  author = "",
  year=2002,
}


%--------------------------------------------------------
% MAPiCO 2

@Article{	  diaz.rueda:modelos-computacion-movil,
  author	= "Juan Francisco Diaz and Camilo Rueda",
  title	= {{Modelos para la Computaci'on M'ovil}},
  journal	= "Revista Colombiana de Computaci'on",
  year	= "2001",
  volume	=  1,
  pages	= "29-45",
  month	= sep,
}

@Article{	  schnoebelen:plug-ins,
  author	= "Eric Schonoebelen",
  title	= {{Dynamic life of Plug-Ins}},
  journal	= "Linux Magazine",
  year	= "2003",
  volume	= 1,
  pages	= "29-45",
  month	= feb,
}

@Article{	  milner:communicating-mobile-system,
  author	= "Robin Milner",
  title	= {{Communicating and Mobile Systems: The $\phi \ Calculus$}},
  journal	= jic,
  year	= 1992,
  volume	= 100,
  pages	= "1-77",
  month	= sep
}

@Misc{            garcia.vasquez:sis-res-dom-finito,
  author        = "Catherine Garc'ia and Alejandra Maria Vasquez",
  title         = {{Implementaci'on eficiente de un Sistema de Restricciones para el Lenguaje Cordial}},
  Note          = {Pontificia Universidad Javeriana - Seccional Cali},
  year          = 2001
}

@Misc{            Blandy:guile,
  author        = "Jim Blandy",
  title         = {{GUILE: Project GNU-s extension language}},
  year          = 2001
}

@Misc{            buss.heredia:mapico,
  author        = "Antal Alexander Buss and Mauricio Heredia",
  title         = {{MAPiCO: M\'aquina Abstracta para el C\'alculo PiCO}},
  Note          = {Pontificia Universidad Javeriana - Seccional Cali},
  year          = 1999
}

@Misc           {stankevicius.garcia.simari:arquitectura-logica-rebatible,
  author        = "A.G. Stankevicius, A.J. Garcia and J.R. Simari",
  title         = {{Una Arquitectura para la ejecuci'on de Programas L'ogicos Rebatibles}},
  url		    = {http://cs.www.uns.edu.ar/WebD/hpgrupos/giia/Reports/Papers/icie99ags.pdf},
  year          = 1999
 
}

@Misc{            Schulte:gecode,
  author        = "C. Schulte",
  title         = {{GECODE. Generic Constraint Development Environment}},
  url		    = {http://www.gecode.org},
  year          = 1999
 
}

@Misc{            Mozart:Oz,
  author        = "",
  title         = {{The Mozart Programmig System}},
  url		    = http://www.mozart-oz.org,
  year          = 2006
 
}

@Misc{            vasconcelos:tyco,
  author        = "Vasco T. Vasconcelos",
  title         = {{Typed Concurrent Objects}},
  Note          = {Phd thesis, Keio University},
  year          = 1994
}

@Misc{            rocha.chala:ntcc-lman,
  author        = "Rocha F. and Chalá J.",
  title         = {{Compilador NTCC-LMAN. Reporte del curso de compiladores}},
  Note          = {Pontificia Universidad Javeriana - Seccional Cali},
  year          = 2003
}

@Misc{            fernandez.quintero:ntcc,
  author        = "Fernandez D. and Quintero J.",
  title         = {{VIN: Lenguaje Visual basado en el cálculo NTCC}},
  Note          = {Pontificia Universidad Javeriana - Seccional Cali},
  year          = 2004
}

@Misc{            hurtado.munoz:lman,
  author        = "Hurtado A.R. and Muñoz M.P",
  title         = {{LMAN: Máquina Abstracta del cálculo NTCC para programación concurrente de robots LEGO}},
  Note          = {Pontificia Universidad Javeriana - Seccional Cali},
  year          = 2004
}

@Misc{            PAMOz:ParallelAbstract,
  author        = "Konstantin Popov",
  title         = {{A Parallel Abstract Machine for the Thread-Based Concurrent Language Oz}},
  Note          = {PS Lab, University of Saarland},
  year          = 1997
}

@Misc{            Messa.zuniga:explorador,
  author        = "Elbert A. Messa and Ana Maria Zuñiga",
  title         = {{Explorador de Cordial}},
  Note          = {Pontificia Universidad Javeriana - Seccional Cali},
  year          = 2001
}

@Misc{            AMOz.Curry:abstractmachines,
  author        = "Pier R. Mai",
  title         = {{Abstract Machine for Oz and Curry}},
  year          = 2000
}

@Misc          {AMOz:abstractmachine,
  author        = {{Michael Melh, }{Ralf Scheidhauer} and {Christian Schulte}},
  title         = {{An Abstract Machine for Oz}},
  year          = 1995
}

@TechReport     {TyCO:abstractmachine,
  author        = "Luis Lopes and Vasco T. Vascconcelos", 
  title         = {{An Abstract Machine for Object Calculus}}, 
  INSTITUTION   = {Departamento de Ciencias de Computadores - Facultad de Ciencias, Universidade du Porto},
  year          = {1997}
}


@Misc           {shildt:manual-referencia,
  author        = "Herbert Shildt",
  title         = {{C Manual de Referencia}},
  Note          = {Osborne McGraw-Hill},
  year          = 2001,
  month         = jan 
}

@Misc           {Heesch:manual-referencia,
  author        = "Dimitri van Heesch",
  title         = {{DOXYGEN. Documentation system for C, C++, Java, Objective-C, Python, IDL, PHP, C\# and D}},
  url           = {http://www.stack.nl/~dimitri/doxygen/},
  year          = 1997
}

@Misc           {bergo:gnu,
  author        = "Felipe Bergo",
  title         = {{autotut: Using GNU autoconf, make, header}},
  url           = {http://seul.org/docs/autotut/},
  year          = 2001
}

@Misc           {geekos:so,
  author        = "Geekos",
  title         = {{Geekos Operating system for x86}},
  url           = {http://geekos.sourceforge.net/index.php},
  year          = 2003
}

@TechReport     {pico-ant,
  author        = {{Gloria Inés Alvarez, }{Juan Francisco diaz, }{Luis Omar Quesada} and {Frank D. \mbox{Valencia}}}, 
  title         = {{PiCO: A Calculus of Concurrent Constraint Objects for Musical Applications}}, 
  NOTE          = {AVISPA Research Team},
  INSTITUTION   = {Pontificia Universidad Javeriana - Seccional Cali},
  year          = {1998}
}

@Misc           {lamport:latex,
  author        = {Leslie Lamport}, 
  title         = {{Latex: a document preparation system}}, 
  NOTE          = {Submitted},
  howpublished  = {Addison-Wesley},
  year          = {1994}
}

@TechReport     {tutorial-tyco,
  author        = {Gloria Inés Alvarez, Camilo Rueda and Juan Francisco Diaz}, 
  title         = {{Tutorial del C\'alculo TyCO}}, 
  INSTITUTION   = {Pontificia Universidad Javeriana, Seccional Cali},
  year          = {1997},
  month         = oct
}

@TechReport     {visual-model-cordial,
  author        = {{Luis Omar Quesada, }{Camilo Rueda} and {Gabriel Tamura}}, 
  title         = {{The Visual Model of Cordial}}, 
  NOTE          = {AVISPA Research Team},
  INSTITUTION   = {Pontificia Universidad Javeriana - Seccional Cali},
  year          = {1997}
}

@Misc{            maq-abs,
  author        = "Lourdes Tajes Martinez",
  title         = {{Sistema de Computaci'on para un Sistema \mbox{Operativo} Orientado a Objetos basado en una M'aquina Abstracta Reflectiva Orientada a Objetos}},
  Note          = {Tesis Doctoral, Universidad de Oviedo},
  year          = 2001
}

@Misc{            maq-abs_2,
  author        = "Mar'ia 'Angeles D'iaz Fond'on",
  title         = {{N'ucleo de Seguridad para un Sistema Operativo Orientado a Objetos soportados por una M'aquina Abstracta}},
  Note          = {Tesis Doctoral, Universidad de Oviedo},
  year          = 2001
}

@Article{	  milner.parrow.ea:calculus-mobile,
  author	= {{Robin Milner, }{Joachim Parrow} and {David Walker}},
  title	= {{A Calculus of Mobile Processes, {P}arts {I} and {II}}},
  journal	= jic,
  year	= 1992,
  volume	= 100,
  pages	= "1-77",
  month	= sep
}


@TechReport    {Integ-Const-Conc-Obj,
  author       = {{Gloria Alvarez, }{Juan Francisco Diaz, }{Camilo Rueda, }{Luis Omar Quesada, }{Frank Valencia} and {GeRard Assayag}}, 
  title        = {{Integrating Constraint and \mbox{Concurrent} Objects in Musical Applications: A Calculus and its Visual Language. \mbox{Programming}.}}, 
  NOTE         = {Submitted to Constraints, Kluwer Academic Publishers},
  INSTITUTION  = {Pontificia Universidad Javeriana - Seccional Cali},
  year         = {1999}
}

@TechReport    {tyco-abstract-machine,
  author       = {Luis Lopes, Vasco T. Vascocelos}, 
  title        = {{TyCO Abstract Machine - The Definition -}}, 
  INSTITUTION  = {Departamento de Ciencias de Computadores - Facultad de Ciencias, Universidade du Porto},
  year         = {1997}
}


@TechReport    {interpretes-diseno-lenguajes,
  author       = {{Jose Emilio Labra Gayo, }{Juan Manuel Cueva Lovelle, }{Ra'ul Izquierdo Castanedo, }{Aquilino Adolfo Juan Fuente, }{Maria Candida \mbox{Luengo} Diez} and {Francisco Ort'in Soler}}, 
  title        = {{Int'erpretes y Diseño de Lenguajes de Programaci'on}}, 
  INSTITUTION  = {Universidad de Oviedo},
  year         = {2004}
}



